@online{WinNT,
  author = {Pecout H., and Dansou J.},
  title = {{TIG'R : } Traitement de l'information g√©ographique avec R},
  year = 2023,
  url = {https://ee2023.netlify.app/},
}